<?xml version="1.0" encoding="utf-8"?>
<record xmlns="http://www.loc.gov/MARC21/slim" xmlns:xsi="http://www.w3.org/2001/XMLSchema-instance" xsi:schemaLocation="http://www.loc.gov/MARC21/slim http://www.loc.gov/standards/marcxml/schema/MARC21slim.xsd">
	<leader>     nam a22     Mi 4500</leader>
	<controlfield tag="001">1651595</controlfield>
	<controlfield tag="003">NNC</controlfield>
	<controlfield tag="006">m        d        </controlfield>
	<controlfield tag="007">cr cn |||m|||a</controlfield>
	<controlfield tag="008">190509s1967    iq      o     000 0 ara d</controlfield>
	<datafield ind1=" " ind2=" " tag="040">
		<subfield code="a">ZYU</subfield>
		<subfield code="b">ara</subfield>
		<subfield code="e">rda</subfield>
		<subfield code="c">ZYU</subfield>
	</datafield>
	<datafield ind1=" " ind2="4" tag="050">
		<subfield code="a">JQ1825</subfield>
		<subfield code="b">.I73</subfield>
	</datafield>
	<datafield ind1="1" ind2=" " tag="110">
		<subfield code="6">880-01</subfield>
		<subfield code="a">Iraq.</subfield>
		<subfield code="b">Jihāz al-Markazī lil-Iḥṣāʼ.</subfield>
		<subfield code="b">Dāʼirat al-Iḥṣāʼ al-Ijtimāʻī.</subfield>
	</datafield>
	<datafield ind1="0" ind2="0" tag="245">
		<subfield code="6">880-02</subfield>
		<subfield code="a">Taqrīr ʻan iḥṣāʼ muwaẓẓafī wa-muntasibī al-dawāʼir al-rasmīyah wa-al-shibh al-rasmīyah li-sanat 1967 fī al-Jumhūrīyah al-ʻIrāqīyah /</subfield>
		<subfield code="c">ashrafa ʻalá iʻdādihi Taḥsin Ḥamīd Mustafá ; iʻdād Dāʼirat al-Iḥṣāʼ al-Ijtimāʻī.</subfield>
	</datafield>
	<datafield ind1=" " ind2=" " tag="260">
		<subfield code="6">880-03</subfield>
		<subfield code="a">Baghdād :</subfield>
		<subfield code="b">Dāʼirat al-Iḥṣāʼ al-Itjtimā-ʻī,</subfield>
		<subfield code="c">[1967?]</subfield>
	</datafield>
	<datafield ind1=" " ind2=" " tag="300">
		<subfield code="a">online resource (114 leaves)</subfield>
	</datafield>
	<datafield ind1=" " ind2=" " tag="336">
		<subfield code="a">text</subfield>
		<subfield code="2">rdacontent</subfield>
	</datafield>
	<datafield ind1=" " ind2=" " tag="337">
		<subfield code="a">computer</subfield>
		<subfield code="2">rdamedia</subfield>
	</datafield>
	<datafield ind1=" " ind2=" " tag="338">
		<subfield code="a">online resource</subfield>
		<subfield code="2">rdacarrier</subfield>
	</datafield>
	<datafield ind1=" " ind2=" " tag="500">
		<subfield code="a">Chiefly tables.</subfield>
	</datafield>
	<datafield ind1=" " ind2=" " tag="500">
		<subfield code="a">Part of the Arabic Collections Online (ACO) project, contributed by Columbia University Libraries.</subfield>
	</datafield>
	<datafield ind1=" " ind2=" " tag="533">
		<subfield code="a">Electronic reproduction.</subfield>
		<subfield code="b">New York, N.Y. :</subfield>
		<subfield code="c">New York University,</subfield>
		<subfield code="d">2019.</subfield>
		<subfield code="5">NNU</subfield>
	</datafield>
	<datafield ind1="2" ind2=" " tag="710">
		<subfield code="a">Columbia University.</subfield>
		<subfield code="b">Libraries.</subfield>
	</datafield>
	<datafield ind1="0" ind2=" " tag="730">
		<subfield code="a">Arabic Collections Online.</subfield>
	</datafield>
	<datafield ind1="0" ind2="8" tag="776">
		<subfield code="i">Print version:</subfield>
		<subfield code="a">Iraq. Jihāz al-Markazī lil-Iḥṣāʼ. Dāʼirat al-Iḥṣāʼ al-Ijtimāʻī.</subfield>
		<subfield code="t">Taqrīr ʻan iḥṣāʼ muwaẓẓafī wa-muntasibī al-dawāʼir al-rasmīyah wa-al-shibh al-rasmīyah li-sanat 1967 fī al-Jumhūrīyah al-ʻIrāqīyah</subfield>
		<subfield code="w">(NNC)1651595</subfield>
		<subfield code="w">(OCoLC)32499425</subfield>
	</datafield>
	<datafield ind1="4" ind2="0" tag="856">
		<subfield code="u">http://hdl.handle.net/2333.1/b8gtj2m5</subfield>
	</datafield>
	<datafield ind1="1" ind2=" " tag="880">
		<subfield code="6">110-01</subfield>
		<subfield code="a">عراق.</subfield>
		<subfield code="b">جهاز المركزي للاحصاء.</subfield>
		<subfield code="b">دائرة الاحصاء الاجتماعي.</subfield>
	</datafield>
	<datafield ind1="0" ind2="0" tag="880">
		<subfield code="6">245-02</subfield>
		<subfield code="a">تقرير عن احصاء موظفي و منتسبي الدوائر الرسمية و الشبه الرسمية لسنة ١٩٦٧ في الجمهورية العراقية /</subfield>
		<subfield code="c">اشرف على اعداده تحسين حميد مصطفى; اعداد دائرة الاحصاء الاجتماعي.</subfield>
	</datafield>
	<datafield ind1=" " ind2=" " tag="880">
		<subfield code="6">260-03</subfield>
		<subfield code="a">بغداد :</subfield>
		<subfield code="b">دائرة الاحصاء الاجتماعي،</subfield>
		<subfield code="c">[1967?]</subfield>
	</datafield>
	<datafield ind1=" " ind2=" " tag="959">
		<subfield code="a">NNU</subfield>
		<subfield code="b">WEB</subfield>
		<subfield code="c">GENI</subfield>
		<subfield code="t">0</subfield>
		<subfield code="m">Electronic access</subfield>
		<subfield code="s">01</subfield>
	</datafield>
	<datafield ind1=" " ind2=" " tag="999">
		<subfield code="i">NNC_1651595</subfield>
		<subfield code="o">(OCoLC)ocm32499425</subfield>
		<subfield code="s">columbia_aco004141</subfield>
		<subfield code="e">(ERROR-880)</subfield>
		<subfield code="s">columbia_aco004141</subfield>
	</datafield>
</record>
